@Manual{R-gt,
  title = {gt: Easily Create Presentation-Ready Display
    Tables},
  author = {Richard Iannone and Joe Cheng and Barret
    Schloerke},
  year = {2019},
  note = {R package version 0.1.0},
  url = {https://github.com/rstudio/gt}
}

@Manual{R-stargazer,
  title = {stargazer: Well-Formatted Regression and Summary
    Statistics Tables},
  author = {Marek Hlavac},
  year = {2018},
  note = {R package version 5.2.2},
  url = {https://CRAN.R-project.org/package=stargazer}
}

@manual{bauer2018,
  title = {Unemployment, Trust in Government,and Satisfaction with Democracy: An Empirical Investigation},
  author = {Paul C. Bauer},
  journal = {Socius: Sociological Research for
a Dynamic World},
  year = {2018},
  url = {https://journals.sagepub.com/doi/pdf/10.1177/2378023117750533}
}

@manual{king2000,
  title = { Making the Most of Statistical Analyses: Improving Interpretation and Presentation},
  author = {Gary King, Michael Tomz, and Jason Wittenberg},
  journal = {American Journal of Political Science},
  year = {2000},
  url = {https://www-jstor-org.ezp-prod1.hul.harvard.edu/stable/pdf/2669316.pdf?seq=1}
}

@manual{R-knitr,
  title = {knitr: A General-Purpose Package for Dynamic Report Generation in R},
  author = {Yihui Xie},
  note = {R package version 1.28.1},
  url = {https://yihui.org/knitr/},
  year = {2020}
}

@Manual{R-tidyverse,
    title = {tidyverse: Easily Install and Load the 'Tidyverse'},
    author = {Hadley Wickham},
    year = {2017},
    note = {R package version 1.2.1},
    url = {https://CRAN.R-project.org/package=tidyverse}
}

@Manual{hudson2006,
    title = {Institutional Trust and Subjective Well-Being across the EU},
    author = {John Hudson},
    year = {2006},
    journal = {Kyklos}
}

@Manual{RStudio, 
    title = {RStudio: Integrated Development Environment for R}, 
    author = {{RStudio Team}},
    organization = {RStudio, Inc.}, 
    address = {Boston, MA}, 
    year = {2015}, 
    url = {http://www.rstudio.com/}, 
}

@Manual{jimeno2007,
    title = {Well-being Consequences of Unemployment in Europe},
    author = {Juan F. Jimeno},
    year = {2007}
}

@Manual{dataverse,
    title = {Harvard Dataverse},
    year = {2018},
    url = {https://dataverse.harvard.edu/}
}

@Manual{laurence2015,
    title = {(Dis)placing Trust: The Long-Term Effects of Job Displacement on Generalised Trust over the Adult Lifecourse},
    author = {James Laurence},
    journal = {Social Science Research},
    year = {2015}
}

@Manual{waters2007,
    title = {Experiential Differences Between Voluntary and Involuntary Job Redun- dancy on Depression, Job-Search Activity, Affective Employee Outcomes and Re-Employment Quality},
    author = {Lea Waters},
    journal = {Journal of Occupational and Organizational Psychology},
    year = {2007}
}

@Manual{roth2009,
    title = {The Effect of the Financial Crisis on Systemic Trust},
    author = {Felix Roth},
    journal = {Intereconomics},
    year = {2009}
}
    