% Encoding: UTF-8

@Article{Bauer2015-ze,
  author   = {Bauer, Paul C},
  title    = {Negative Experiences and Trust: A Causal Analysis of the Effects of Victimization on Generalized Trust},
  journal  = {European sociological review},
  year     = {2015},
  volume   = {31},
  number   = {4},
  pages    = {397-417},
  month    = {1~} # aug,
  keywords = {CI;CI: Applications;Trust;Seminar: Causal Inference},
  language = {en},
}

@Unpublished{Ahn2004-mg,
  author = {Ahn, Namkee and Garcia, Juan Ramon and Jimeno, Juan Francisco},
  title  = {Well-being Consequences of Unemployment in Europe},
  year   = {2004},
}

@Book{Almond1963-bp,
  title     = {The Civic Culture: Political Attitudes and Democracy in Five Nations},
  publisher = {Princeton University Press},
  year      = {1963},
  author    = {Almond, Gabriel A and Verba, Sidney},
  address   = {New Jersey},
  keywords  = {Culture},
}

@Article{Archer1993-bq,
  author    = {Archer, John and Rhodes, Valerie},
  title     = {The grief process and job loss: A cross-sectional study},
  journal   = {British journal of psychology},
  year      = {1993},
  volume    = {84},
  number    = {3},
  pages     = {395-410},
  publisher = {Wiley Online Library},
}

@Unpublished{Arias2013-px,
  author   = {Arias, Omar and Sosa-Escudero, Walter and Serrano, Davis Alfaro and Edo, Maria and Santos, Indira},
  title    = {Do Jobs Lead to More Trust? A Synthetic Cohorts Approach},
  year     = {2013},
  keywords = {Paper: Unemployment and Political Trust},
}

@Article{Armingeon2014-ut,
  author   = {Armingeon, Klaus and Ceka, Besir},
  title    = {The loss of trust in the European Union during the great recession since 2007: The role of heuristics from the national political system},
  journal  = {European Union Politics},
  year     = {2014},
  volume   = {15},
  number   = {1},
  pages    = {82-107},
  month    = {1~} # mar,
  keywords = {Trust: Political trust},
}

@Article{Armingeon2014-xg,
  author   = {Armingeon, Klaus and Guthmann, Kai},
  title    = {Democracy in crisis? The declining support for national democracy in European countries, 2007–2011},
  journal  = {European journal of political research},
  year     = {2014},
  volume   = {53},
  number   = {3},
  pages    = {423-442},
  month    = {1~} # aug,
  keywords = {democracy; crisis; European Union; external influence; legitimacy},
}

@Misc{Arntz2016-od,
  author    = {Arntz, Melanie and Gregory, Terry and Zierahn, Ulrich},
  title     = {The Risk of Automation for Jobs in {OECD} Countries: A {COMPARATIVE} {ANALYSIS}},
  month     = {14~} # may,
  year      = {2016},
  address   = {United States--US, France},
  journal   = {OECD Social, Employment, and Migration Working Papers; Paris},
  language  = {en},
  number    = {189},
  pages     = {0\_1,3-5,7-34},
  publisher = {Organisation for Economic Cooperation and Development (OECD)},
}

@Article{Bay2002-fg,
  author    = {Bay, Ann-Helén and Blekesaune, Morten},
  title     = {Youth, unemployment and political marginalisation},
  journal   = {International journal of social welfare},
  year      = {2002},
  volume    = {11},
  number    = {2},
  pages     = {132-139},
  month     = {1~} # apr,
  keywords  = {youth; unemployment; political marginalisation; political participation},
  publisher = {Blackwell Publishers Ltd},
}

@Article{Benjamin2017-rf,
  author    = {Benjamin, Daniel J and Berger, James O and Johannesson, Magnus and Nosek, Brian A and Wagenmakers, E-J and Berk, Richard and Bollen, Kenneth A and Brembs, Björn and Brown, Lawrence and Camerer, Colin and Cesarini, David and Chambers, Christopher D and Clyde, Merlise and Cook, Thomas D and De Boeck, Paul and Dienes, Zoltan and Dreber, Anna and Easwaran, Kenny and Efferson, Charles and Fehr, Ernst and Fidler, Fiona and Field, Andy P and Forster, Malcolm and George, Edward I and Gonzalez, Richard and Goodman, Steven and Green, Edwin and Green, Donald P and Greenwald, Anthony G and Hadfield, Jarrod D and Hedges, Larry V and Held, Leonhard and Ho, Teck Hua and Hoijtink, Herbert and Hruschka, Daniel J and Imai, Kosuke and Imbens, Guido and Ioannidis, John P A and Jeon, Minjeong and Jones, James Holland and Kirchler, Michael and Laibson, David and List, John and Little, Roderick and Lupia, Arthur and Machery, Edouard and Maxwell, Scott E and McCarthy, Michael and Moore, Don A and Morgan, Stephen L and Munafó, Marcus and Nakagawa, Shinichi and Nyhan, Brendan and Parker, Timothy H and Pericchi, Luis and Perugini, Marco and Rouder, Jeff and Rousseau, Judith and Savalei, Victoria and Schönbrodt, Felix D and Sellke, Thomas and Sinclair, Betsy and Tingley, Dustin and Van Zandt, Trisha and Vazire, Simine and Watts, Duncan J and Winship, Christopher and Wolpert, Robert L and Xie, Yu and Young, Cristobal and Zinman, Jonathan and Johnson, Valen E},
  title     = {Redefine statistical significance},
  journal   = {Nature Human Behaviour},
  year      = {2017},
  pages     = {1},
  month     = sep,
  language  = {en},
  publisher = {Nature Publishing Group},
}

@Article{Bisgaard2016-uo,
  author  = {Bisgaard, M and Sønderskov - The Journal of …, K M and {2016}},
  title   = {Reconsidering the Neighborhood Effect: Does Exposure to Residential Unemployment Influence Voters' Perceptions of the National Economy?},
  journal = {journals.uchicago.edu},
  year    = {2016},
}

@Article{Bisgaard2015-xb,
  author   = {Bisgaard, Martin},
  title    = {Bias Will Find a Way: Economic Perceptions, Attributions of Blame, and {Partisan-Motivated} Reasoning during Crisis},
  journal  = {The journal of politics},
  year     = {2015},
  volume   = {77},
  number   = {3},
  pages    = {849-860},
  month    = jul,
  keywords = {Paper: Quality of citations},
}

@Article{Blackaby1999-qd,
  author  = {Blackaby, David and Leslie, Derek and Murphy, Philip and O’Leary, Nigel},
  title   = {Unemployment Among Britain’s Ethnic Minorities},
  journal = {The Manchester school of economic and social studies},
  year    = {1999},
  volume  = {67},
  number  = {1},
  pages   = {1-20},
  month   = jan,
}

@Article{Blundell1987-qz,
  author  = {Blundell, Richard and Ham, John and Meghir, Costas},
  title   = {Unemployment and Female Labour Supply},
  journal = {The Economic journal of Nepal},
  year    = {1987},
  volume  = {97},
  pages   = {44-64},
  month   = jan,
}

@Article{Brand2015-rr,
  author   = {Brand, Jennie E},
  title    = {The {Far-Reaching} Impact of Job Loss and Unemployment},
  journal  = {Annual Review of Sociology},
  year     = {2015},
  volume   = {41},
  pages    = {359-375},
  keywords = {job loss; psychological and physical well-being; social withdrawal; socioeconomic mobility; unemployment; worker displacement;Paper: Unemployment and Political Trust;Unemployment;Reviews of research},
}

@Article{Brehm1997-qy,
  author   = {Brehm, John and Rahn, Wendy},
  title    = {Individual-level evidence for the causes and consequences of social capital},
  journal  = {American journal of political science},
  year     = {1997},
  volume   = {41},
  number   = {3},
  pages    = {999-1023},
  month    = jul,
  keywords = {Paper: Negative experiences and trust},
}

@Article{Chabanet2007-ro,
  author  = {{Chabanet}},
  title   = {Die politischen Konsequenzen von Arbeitslosigkeit und prekärer Beschäftigung in Europa},
  journal = {Forschungsjournal NSB},
  year    = {2007},
  volume  = {20},
  number  = {1},
  pages   = {71-80},
}

@Article{Collier2005-ja,
  author  = {Collier, William},
  title   = {Unemployment duration and individual heterogeneity: a regional study},
  journal = {Applied economics},
  year    = {2005},
  volume  = {37},
  number  = {2},
  pages   = {133-153},
}

@Article{Croissant2008-tb,
  author  = {Croissant, Yves and Millo, Giovanni and {Others}},
  title   = {Panel data econometrics in R: The plm package},
  journal = {Journal of statistical software},
  year    = {2008},
  volume  = {27},
  number  = {2},
  pages   = {1-43},
}

@Misc{Croissant2017-mt,
  author    = {Croissant, Yves and Millo, Giovanni and Tappe, Kevin and Toomet, Ott and Kleiber, Christian and Zeileis, Achim and Henningsen, Arne and Andronic, Liviu and Schoenfelder, Nina},
  title     = {Linear Models for Panel Data [R package plm version 1.6-6]},
  year      = {2017},
  publisher = {Comprehensive R Archive Network (CRAN)},
}

@Article{Imai2016-td,
  author   = {Imai, Kosuke and Kim, In Song},
  title    = {When Should We Use Linear Fixed Effects Regression Models for Causal Inference with Longitudinal Data?},
  journal  = {Working Paper},
  year     = {2016},
  keywords = {CI: Panel data;Seminar: Causal Inference;Seminar: Causal Inference},
}

@Book{Dalton2004-ba,
  title     = {Democratic Challenges, Democratic Choices: The Erosion of Political Support in Advanced Industrial Democracies},
  publisher = {Oxford University Press},
  year      = {2004},
  author    = {Dalton, Russell J},
  series    = {Comparative Politics},
  address   = {Oxford},
  keywords  = {distrust; regime support; democracy; political culture; public opinion; democratic reform; dissatisfied democrats ER},
}

@Article{Delhey2003-hv,
  author   = {Delhey, J and Newton, K},
  title    = {Who Trusts? The Origins of Social Trust in Seven Societies},
  journal  = {European Societies},
  year     = {2003},
  volume   = {5},
  pages    = {93-137},
  keywords = {Trust},
}

@InCollection{Dinesen2015-fr,
  author    = {Dinesen, Peter Thisted and Bekkers, René},
  title     = {The Foundations of Individuals' Generalized Social Trust: A Review},
  booktitle = {Trust in Social Dilemmas},
  publisher = {Oxford University Press},
  year      = {2015},
  editor    = {Van Lange, Paul A M and Rockenbach, Bettina and Yamagishi, Toshio},
  pages     = {77-100},
}

@Article{Easton1975-pe,
  author    = {Easton, David},
  title     = {A {Re-Assessment} of the Concept of Political Support},
  journal   = {British journal of political science},
  year      = {1975},
  volume    = {5},
  number    = {04},
  pages     = {435-457},
  keywords  = {Paper: Unemployment and Political Trust;Trust: Conceptual Concept;Concepts},
  publisher = {Cambridge Univ Press},
}

@TechReport{European_Commission2012-pk,
  author      = {{European Commission}},
  title       = {European Employment Observatory Review: Long-term Unemployment 2012},
  institution = {European Commission: Directorate-General for Employment, Social Affairs and Inclusion},
  year        = {2012},
}

@Article{Falk2011-ni,
  author    = {Falk, Armin and Kuhn, Andreas and Zweimueller, Josef},
  title     = {Unemployment and Right-wing Extremist Crime},
  journal   = {Scand. J. Econ.},
  year      = {2011},
  volume    = {113},
  number    = {2},
  pages     = {260-285},
  month     = jun,
  keywords  = {Hate crime; right-wing extremism; cost of unemployment; J15; J69; K42},
  publisher = {Blackwell Publishing Ltd},
}

@Article{Foster2017-si,
  author  = {Foster, Chase and Frieden, Jeffry},
  title   = {Crisis of trust: Socio-economic determinants of Europeans’ confidence in government},
  journal = {European Union Politics},
  year    = {2017},
  pages   = {1465116517723499},
  month   = aug,
}

@Article{Goldsmith1996-ks,
  author  = {Goldsmith, Arthur H and Veum, Jonathan R and Darity, Jr., William},
  title   = {The psychological impact of unemployment and joblessness},
  journal = {The Journal of socio-economics},
  year    = {1996},
  volume  = {25},
  number  = {3},
  pages   = {333-358},
}

@Article{Granovetter1973-vq,
  author  = {Granovetter, Mark S},
  title   = {The Strength of Weak Ties},
  journal = {The American journal of sociology},
  year    = {1973},
  volume  = {78},
  number  = {6},
  pages   = {1360-1380},
  month   = may,
}

@Article{Hansford2015-pd,
  author   = {Hansford, Thomas G and Gomez, Brad T},
  title    = {Reevaluating the sociotropic economic voting hypothesis},
  journal  = {Electoral studies},
  year     = {2015},
  volume   = {39},
  pages    = {15-25},
  keywords = {Economic voting; Retrospective voting; Sociotropic evaluations; U.S. presidential elections;Paper: Unemployment and Political Trust},
}

@Article{Hetherington1998-kn,
  author   = {Hetherington, Marc J},
  title    = {The Political Relevance of Political Trust},
  journal  = {The American political science review},
  year     = {1998},
  volume   = {92},
  number   = {4},
  pages    = {791-808},
  month    = dec,
  keywords = {Trust: Relevance},
}

@Book{Hetherington2005-el,
  title     = {Why Trust Matters: Declining Political Trust and the Demise of American Liberalism},
  publisher = {Princeton University Press},
  year      = {2005},
  author    = {Hetherington, Marc J},
  address   = {Princeton, NJ},
  keywords  = {Trust: Books},
}

@Article{Hlavac2014-wd,
  author  = {Hlavac, Marek},
  title   = {stargazer: {LaTeX} code and {ASCII} text for well-formatted regression and summary statistics tables},
  journal = {R Foundation for Statistical Computing},
  year    = {2014},
}

@Article{Hudson2006-hz,
  author  = {Hudson, John},
  title   = {Institutional Trust and Subjective {Well-Being} across the {EU}},
  journal = {Kyklos},
  year    = {2006},
  volume  = {59},
  number  = {1},
  pages   = {43-62},
  month   = feb,
}

@Article{Imai2016-td,
  author   = {Imai, Kosuke and Kim, In Song},
  title    = {When Should We Use Linear Fixed Effects Regression Models for Causal Inference with Longitudinal Data?},
  journal  = {Working Paper},
  year     = {2016},
  keywords = {CI: Panel data;Seminar: Causal Inference;Seminar: Causal Inference},
}

@Article{R_In_Song_Kim_aut_cre_Kosuke_Imai_aut_Erik_Wang_undated-ot,
  author = {{r In Song Kim [aut, cre], Kosuke Imai [aut], Erik Wang}},
  title  = {wfe.pdf},
}

@Misc{Kim2017-vu,
  author    = {Kim, In Song and Imai, Kosuke and Wang, Erik},
  title     = {Weighted Linear Fixed Effects Regression Models for Causal Inference [R package wfe version 1.6]},
  month     = jul,
  year      = {2017},
  publisher = {Comprehensive R Archive Network (CRAN)},
}

@Book{Jahoda1974-or,
  title     = {Marienthal: The Sociography of an Unemployed Community},
  publisher = {Transaction Publishers},
  year      = {1974},
  author    = {Jahoda, Marie and Zeisel, Hans},
  address   = {New Jersey},
  language  = {en},
}

@Article{Kinder1981-nz,
  author   = {Kinder, Donald R and Roderick Kiewiet, D},
  title    = {Sociotropic Politics: The American Case},
  journal  = {British journal of political science},
  year     = {1981},
  volume   = {11},
  number   = {2},
  pages    = {129-161},
  month    = apr,
  keywords = {Paper: Unemployment and Political Trust},
}

@Article{Kroknes2015-ft,
  author  = {Kroknes, Veronica Fagerland and Jakobsen, Tor Georg and Grønning, Lisa-Marie},
  title   = {Economic Performance and Political Trust: The impact of the financial crisis on European citizens},
  journal = {European Societies},
  year    = {2015},
  volume  = {17},
  number  = {5},
  pages   = {700-723},
}

@Article{Laurence2015-nk,
  author      = {Laurence, James},
  title       = {(Dis)placing trust: the long-term effects of job displacement on generalised trust over the adult lifecourse},
  journal     = {Social science research},
  year        = {2015},
  volume      = {50},
  pages       = {46-59},
  month       = mar,
  affiliation = {Cathie Marsh Institute for Social Research, University of Manchester, Humanities Bridgeford St Building, Manchester M13 9PL, United Kingdom. Electronic address: james.laurence@manchester.ac.uk.},
  keywords    = {Generalised trust; Job displacement; Job loss; Lifecourse; Scarring; Social capital;Paper: Unemployment and Political Trust},
}

@Book{Leana1992-cp,
  title     = {Coping with job loss: How individuals, organizations, and communities respond to layoffs},
  publisher = {Free Press},
  year      = {1992},
  author    = {Leana, Carrie R and Feldman, Daniel C},
  address   = {New York},
}

@Article{Levi2000-dx,
  author   = {Levi, Margaret and Stoker, Laura},
  title    = {Political Trust and Trustworthiness},
  journal  = {Annual Review of Political Science},
  year     = {2000},
  volume   = {3},
  pages    = {475-507},
  keywords = {Paper: Conceptualizing and measuring trust and trustworthiness;Reviews of research;Reviews of research: Trust},
}

@Article{Linn1985-gi,
  author  = {Linn, M W and Sandifer, R and Stein, S},
  title   = {Effects of unemployment on mental and physical health},
  journal = {American journal of public health},
  year    = {1985},
  volume  = {75},
  number  = {5},
  pages   = {502-506},
  month   = may,
}

@InCollection{Listhaug2017-et,
  author    = {Listhaug, Ola and Jakobsen, Tor Georg},
  title     = {Foundations of Political Trust},
  booktitle = {The Oxford Handbook of Social and Political Trust},
  publisher = {Oxford University Press},
  year      = {2017},
  editor    = {Uslaner, Eric M},
  address   = {Oxford},
  month     = jan,
  keywords  = {political trust; political behavior; political psychology; electoral systems; electoral institutions},
}

@Article{Lundin2009-gh,
  author      = {Lundin, Andreas and Hemmingsson, Tomas},
  title       = {Unemployment and suicide},
  journal     = {The Lancet},
  year        = {2009},
  volume      = {374},
  number      = {9686},
  pages       = {270-271},
  month       = jul,
  affiliation = {Department of Public Health Sciences, Karolinska Institutet, Stockholm SE-171 76, Sweden. andreas.lundin@ki.se},
}

@Article{Margalit2013-ph,
  author  = {Margalit, Yotam},
  title   = {Explaining Social Policy Preferences: Evidence from the Great Recession},
  journal = {The American political science review},
  year    = {2013},
  volume  = {107},
  number  = {1},
  pages   = {80-103},
  month   = feb,
}

@Article{McShane2017-bc,
  author        = {McShane, Blakeley B and Gal, David and Gelman, Andrew and Robert, Christian and Tackett, Jennifer L},
  title         = {Abandon Statistical Significance},
  year          = {2017},
  month         = sep,
  archiveprefix = {arXiv},
  eprint        = {1709.07588},
  primaryclass  = {stat.ME},
}

@Article{Mishler2001-fp,
  author   = {Mishler, William and Rose, Richard},
  title    = {What Are the Origins of Political Trust?: Testing Institutional and Cultural Theories in Post-communist Societies},
  journal  = {Comparative political studies},
  year     = {2001},
  volume   = {34},
  number   = {1},
  pages    = {30-62},
  month    = feb,
  keywords = {Paper: Unemployment and Political Trust},
}

@Article{Mishler2005-mk,
  author   = {Mishler, William and Rose, Richard},
  title    = {What Are the Political Consequences of Trust?: A Test of Cultural and Institutional Theories in Russia},
  journal  = {Comparative political studies},
  year     = {2005},
  volume   = {38},
  number   = {9},
  pages    = {1050-1078},
  month    = nov,
  keywords = {Paper: Unemployment and Political Trust},
}

@Article{Misztal2001-vv,
  author  = {Misztal, Barbara A},
  title   = {Trust and cooperation: the democratic public sphere},
  journal = {Journal Of Sociology},
  year    = {2001},
  volume  = {37},
  number  = {4},
  pages   = {371-386},
  month   = dec,
}

@Misc{Muro2014-jg,
  author       = {Muro, Diego and Vidal, Guillem},
  title        = {Persistent unemployment poses a substantive threat to democracy in Southern European countries},
  howpublished = {\url{http://blogs.lse.ac.uk/europpblog/2014/03/13/persistent-unemployment-poses-a-substantive-threat-to-democracy-in-southern-european-countries/}},
  year         = {2014},
  note         = {Accessed: 2015-5-19},
  booktitle    = {Europp},
}

@Article{Naumann2016-yh,
  author  = {Naumann, Elias and Buss, Christopher and Bähr, Johannes},
  title   = {How Unemployment Experience Affects Support for the Welfare State: A Real Panel Approach},
  journal = {European sociological review},
  year    = {2016},
  volume  = {32},
  number  = {1},
  pages   = {81-92},
  month   = feb,
}

@Article{Newman2017-ls,
  author  = {Newman, Benjamin J and Vickrey, Clifford D},
  title   = {Friends on the Dole: Social Networks, Vicarious Economic Distress, and Support for Social Welfare Spending},
  journal = {International Journal of Public Opinion Research},
  year    = {2017},
  volume  = {29},
  number  = {1},
  pages   = {172-188},
  month   = mar,
}

@Article{Newton2011-ix,
  author  = {Newton, Ken and Zmerli, Sonja},
  title   = {Three Forms of Trust and Their Association},
  journal = {European Political Science Review},
  year    = {2011},
  volume  = {3},
  number  = {2},
  pages   = {169-200},
}

@Article{Oesch2013-za,
  author    = {Oesch, Daniel and Lipps, Oliver},
  title     = {Does Unemployment Hurt Less if There is More of it Around? A Panel Analysis of Life Satisfaction in Germany and Switzerland},
  journal   = {European sociological review},
  year      = {2013},
  volume    = {29},
  number    = {5},
  pages     = {955-967},
  month     = oct,
  publisher = {Oxford University Press},
}

@Misc{Oecd2017-pq,
  author       = {{OECD}},
  title        = {Harmonised unemployment rate ({HUR})},
  howpublished = {\url{http://dx.doi.org/10.1787/52570002-en}},
  year         = {2017},
  note         = {Accessed: 2017-10-23},
  booktitle    = {{OECD} Data},
}

@Misc{Oecd2017-lj,
  author       = {{OECD}},
  title        = {Unemployment rate},
  howpublished = {\url{http://dx.doi.org/10.1787/997c8750-en}},
  year         = {2017},
  note         = {Accessed: 2017-NA-NA},
  booktitle    = {{OECD} Data},
}

@Book{Perrucci2009-yq,
  title     = {America at risk: The crisis of hope, trust, and caring},
  publisher = {Rowman \& Littlefield Publishers},
  year      = {2009},
  author    = {Perrucci, Robert and Perrucci, Carolyn C},
  address   = {Lanham, MD},
}

@Book{Pharr2000-qy,
  title     = {Disaffected Democracies: What's Troubling the Trilateral Countries?},
  publisher = {Princeton University Press},
  year      = {2000},
  author    = {Pharr, S and Putnam, R},
  address   = {Princeton, NJ},
}

@Book{Putnam2000-ea,
  title     = {Bowling alone: The collapse and revival of American community},
  publisher = {Simon \& Schuster},
  year      = {2000},
  author    = {Putnam, Robert David},
  address   = {New York},
  keywords  = {Paper: Conceptualizing and measuring trust and trustworthiness},
}

@Article{Rantakeisu1997-lb,
  author   = {Rantakeisu, U and Starrin, B and Hagquist, C},
  title    = {Unemployment, shame and ill health — an exploratory study},
  journal  = {Scandinavian journal of social welfare},
  year     = {1997},
  volume   = {6},
  number   = {1},
  pages    = {13-23},
  month    = jan,
  keywords = {youth unemployment: shame; health;Paper: Unemployment and Political Trust},
}

@Article{Roth2009-jh,
  author   = {Roth, Felix},
  title    = {The effect of the financial crisis on systemic trust},
  journal  = {Intereconomics},
  year     = {2009},
  volume   = {44},
  number   = {4},
  pages    = {203-208},
  month    = aug,
  keywords = {Paper: Unemployment and Political Trust},
}

@Article{Roth2011-nb,
  author  = {Roth, Felix and Nowak-Lehmann, Felicitas and Otter, Thomas},
  title   = {Has the financial crisis shattered citizens’ trust in national and European governmental institutions? Evidence from the {EU} member states, 1999-2010},
  journal = {Centre for European Policy Studies Papers},
  year    = {2011},
  volume  = {343},
  number  = {4159},
}

@Article{Scott1979-aw,
  author   = {Scott, Wilbur J and Acock, Alan C},
  title    = {Socioeconomic Status, Unemployment Experience, and Political Participation: A Disentangling of Main and Interaction Effects},
  journal  = {Political Behavior},
  year     = {1979},
  volume   = {1},
  number   = {4},
  pages    = {361-381},
  month    = dec,
  keywords = {Paper: Unemployment and Political Trust},
}

@Article{Siedler2006-yw,
  author   = {Siedler, Thomas},
  title    = {Family and Politics: Does Parental Unemployment Cause {Right-Wing} Extremism?},
  journal  = {IZA Discussion Paper},
  year     = {2006},
  volume   = {2411},
  pages    = {1-49},
  keywords = {right-wing extremism, unemployment, instrumental variable, intergenerational links, panel estimators, matching},
}

@Article{Stokes1984-so,
  author  = {Stokes, Graham and Cochrane, Raymond},
  title   = {A study of the psychological effects of redundancy and unemployment},
  journal = {Journal of Occupational Psychology},
  year    = {1984},
  volume  = {57},
  number  = {4},
  pages   = {309-322},
  month   = dec,
}

@Book{Uslaner2002-ks,
  title     = {The Moral Foundations of Trust},
  publisher = {Cambridge University Press},
  year      = {2002},
  author    = {Uslaner, Eric M},
  address   = {Cambridge, United Kingdom},
  keywords  = {Paper: Negative experiences and trust;Paper: Conceptualizing and measuring trust and trustworthiness;Trust},
}

@Article{Waters2007-os,
  author  = {Waters, Lea},
  title   = {Experiential differences between voluntary and involuntary job redundancy on depression, job-search activity, affective employee outcomes and re-employment quality},
  journal = {Journal of occupational and organizational psychology},
  year    = {2007},
  volume  = {80},
  number  = {2},
  pages   = {279-299},
}

@Article{Winkelmann1998-kb,
  author  = {Winkelmann, Liliana and Winkelmann, Rainer},
  title   = {Why Are the Unemployed So {Unhappy?Evidence} from Panel Data},
  journal = {Economica},
  year    = {1998},
  volume  = {65},
  number  = {257},
  pages   = {1-15},
  month   = feb,
}

@Book{Wooldridge2010-jb,
  title     = {Econometric analysis of cross section and panel data},
  publisher = {MIT press},
  year      = {2010},
  author    = {Wooldridge, Jeffrey M},
  address   = {Cambridge, MA},
  keywords  = {Paper: Negative experiences and trust;CI: Panel data},
}

@Article{Zawadzki1935-gg,
  author  = {Zawadzki, Bohan and Lazarsfeld, Paul},
  title   = {The Psychological Consequences of Unemployment},
  journal = {The Journal of social psychology},
  year    = {1935},
  volume  = {6},
  number  = {2},
  pages   = {224-251},
}

@Comment{jabref-meta: databaseType:bibtex;}
